
@online{facebookWerbungAufInstagram,
  title = {Werbung auf Instagram | Instagram Business},
  author = {{facebook}},
  url = {https://business.instagram.com/?locale=de_DE},
  urldate = {2021-03-16},
  abstract = {Mit Werbeanzeigen auf Instagram können Unternehmen ihre Bekanntheit steigern und über visuelle Beiträge ihren Kundenstamm ausbauen. Erfahre mehr über Werbung auf Instagram und unsere Werbeanzeigenformate.},
  file = {C\:\\Users\\43677\\Zotero\\storage\\29TF2PSQ\\advertising.html},
  langid = {german},
  organization = {{Instagram for Business}}
}

@online{googleFunktioniertGoogleSucheSuchalgorithmen,
  title = {So funktioniert die Google-Suche | Suchalgorithmen},
  shorttitle = {google-suche},
  author = {{google}},
  url = {https://www.google.com/intl/de/search/howsearchworks/algorithms/},
  urldate = {2021-03-16},
  abstract = {Von der Analyse der Wörter deines Suchbegriffs bis zur Berücksichtigung von Faktoren wie deinem Standort~– hier erfährst du, wie die Google-Suchalgorithmen die relevantesten Ergebnisse für dich finden.},
  file = {C\:\\Users\\43677\\Zotero\\storage\\Y68PYSQQ\\algorithms.html},
  langid = {german}
}

@online{googleOnlinewerbungLeichtGemacht,
  title = {Onlinewerbung leicht gemacht – Einfach mehr Kunden mit Google Ads},
  author = {{google}},
  url = {https://ads.google.com/intl/de_de/home/},
  urldate = {2021-04-20},
  abstract = {Mehr Telefonanrufe, mehr Websitebesucher, mehr Laufkundschaft – mit Onlineanzeigen auf Google erreichen Sie die richtigen Kunden und bleiben auf Erfolgskurs.},
  file = {C\:\\Users\\43677\\Zotero\\storage\\VVHK3WSC\\home.html},
  langid = {german}
}

@book{MA,
  title = {Artificial {{Intelligence A Modern Approach}}},
  author = {{Russell, Stuart and Norvig, Peter}},
  date = {2010},
  year = {2010},
  edition = {3},
  publisher = {{Pearson Education, Inc.}}
}

@online{SymbolicVsSubsymbolic,
  title = {Symbolic vs. Subsymbolic AI Paradigms for AI Explainability},
  author = {{Orhan G, Yalçln}},
  url = {https://towardsdatascience.com/symbolic-vs-subsymbolic-ai-paradigms-for-ai-explainability-6e3982c6948a},
  urldate = {2022-02-06},
  year = {2222}
  file = {C\:\\Users\\43677\\Zotero\\storage\\WTE5DV2A\\symbolic-vs-subsymbolic-ai-paradigms-for-ai-explainability-6e3982c6948a.html}
}

@online{semisupervised,
  title = {Deep Reinforcement Learning from Human Preferences},
  author = {{Paul F Christiano, Jan Leike, Tom B Brown, Miljan Martic, Shane Legg, Dario Amodei}},
  url = {https://youtu.be/WT0WtoYz2jE?t=68},
  urldate = {2020-12-16},
  year={2017},
  file = {https://arxiv.org/pdf/1706.03741.pdf}
}