@book{starwars5,
    author	= "Donald F. Glut",
    title		= "Star Wars, Episode V: The Empire Strikes Back",
    year		= "1985",
    publisher	= "Del Rey",
    ISBN		= "0-345-32022-0"
}
@book{modernapproach
	author		= {"Stuart Russell", "Peter Norvig"},
	title		= "Artificial Intelligence A modern approach Third Edition",
	year		= "2010",
	publisher	= "Pearson Education inc."
}
@book{Reinforcement,
  author         = {"Richard S. Sutton", "Andrew G. Barto"},
  title          = {"Reinforcement Learning An introduction"},
  publisher      = {"The MIT Press"},
  year           = {"2018"}
}
@misc{moebius,
	author = "John Olsen",
	title = "The Geometry of MÃ¶bius Transformations",
	year = "2010",
	publisher = "University of Rochester",
	howpublished = "\url{http://johno.dk/mathematics/moebius.pdf}",
	note = "accessed June 2018"
}