
@online{FunktioniertGoogleSucheSuchalgorithmen,
  title = {So funktioniert die Google-Suche | Suchalgorithmen},
  url = {https://www.google.com/intl/de/search/howsearchworks/algorithms/},
  urldate = {2021-03-16},
  abstract = {Von der Analyse der Wörter deines Suchbegriffs bis zur Berücksichtigung von Faktoren wie deinem Standort~– hier erfährst du, wie die Google-Suchalgorithmen die relevantesten Ergebnisse für dich finden.},
  file = {C\:\\Users\\43677\\Zotero\\storage\\Y68PYSQQ\\algorithms.html},
  langid = {german}
}

@online{KLEXKlusemannExtern,
  title = {{{KLEX}} . {{Klusemann Extern}}},
  url = {http://klex.co.at/},
  urldate = {2020-12-16},
  abstract = {homepage der klex},
  file = {C\:\\Users\\43677\\Zotero\\storage\\XFDRXEEE\\klex.co.at.html}
}

@online{QuickStartGuide,
  title = {Quick Start Guide [{{Zotero Documentation}}]},
  url = {https://www.zotero.org/support/quick_start_guide},
  urldate = {2020-12-16},
  file = {C\:\\Users\\43677\\Zotero\\storage\\UUSHPB7B\\quick_start_guide.html}
}

@book{russellArtificialIntelligenceModern2010,
  title = {Artificial {{Intelligence A Modern Approach}}},
  author = {Russell, Stuart and Norvig, Peter},
  date = {2010},
  edition = {3},
  publisher = {{Pearson Education, Inc.}}
}

@online{WerbungAufInstagram,
  title = {Werbung auf Instagram | Instagram Business},
  url = {https://business.instagram.com/?locale=de_DE},
  urldate = {2021-03-16},
  abstract = {Mit Werbeanzeigen auf Instagram können Unternehmen ihre Bekanntheit steigern und über visuelle Beiträge ihren Kundenstamm ausbauen. Erfahre mehr über Werbung auf Instagram und unsere Werbeanzeigenformate.},
  file = {C\:\\Users\\43677\\Zotero\\storage\\29TF2PSQ\\advertising.html},
  langid = {german},
  organization = {{Instagram for Business}}
}

@online{WikipediaFreieEnzyklopadie,
  title = {Wikipedia – {{Die}} Freie {{Enzyklopädie}}},
  url = {https://de.wikipedia.org/wiki/Wikipedia:Hauptseite},
  urldate = {2020-12-16},
  file = {C\:\\Users\\43677\\Zotero\\storage\\G4GKDGAE\\WikipediaHauptseite.html}
}

@online{ZoteroDownloads,
  title = {Zotero | {{Downloads}}},
  url = {https://www.zotero.org/download/},
  urldate = {2020-12-16},
  file = {C\:\\Users\\43677\\Zotero\\storage\\ET9XMNEU\\download.html}
}


